<record><leader>00000cas a2200000 a 4500</leader><controlfield tag="001">37621009</controlfield><controlfield tag="008">970915d196519uumiuwr n       0    0eng c</controlfield><datafield ind1=" " ind2=" " tag="010"><subfield code="a">sn 97070767 </subfield></datafield><datafield ind1=" " ind2=" " tag="040"><subfield code="a">MHN</subfield><subfield code="b">eng</subfield><subfield code="c">MHN</subfield><subfield code="d">OCL</subfield><subfield code="d">OCLCQ</subfield><subfield code="d">OCLCF</subfield><subfield code="d">OCLCO</subfield></datafield><datafield ind1="1" ind2=" " tag="029"><subfield code="a">AU@</subfield><subfield code="b">000013497420</subfield></datafield><datafield ind1=" " ind2=" " tag="042"><subfield code="a">pcc</subfield></datafield><datafield ind1=" " ind2=" " tag="043"><subfield code="a">n-us-mi</subfield></datafield><datafield ind1="0" ind2="4" tag="245"><subfield code="a">The Livingston County argus-dispatch.</subfield></datafield><datafield ind1=" " ind2=" " tag="260"><subfield code="a">Brighton, Mich. :</subfield><subfield code="b">Brighton Argus</subfield></datafield><datafield ind1=" " ind2=" " tag="300"><subfield code="a">v.</subfield></datafield><datafield ind1=" " ind2=" " tag="310"><subfield code="a">Weekly</subfield></datafield><datafield ind1=" " ind2=" " tag="580"><subfield code="a">Continued by: Brighton argus (Brighton, Mich.)?</subfield></datafield><datafield ind1=" " ind2=" " tag="588"><subfield code="a">Description based on: Vol. 85, no. 31 (Nov. 10, 1965).</subfield></datafield><datafield ind1=" " ind2="0" tag="651"><subfield code="a">Brighton (Mich.)</subfield><subfield code="v">Newspapers.</subfield></datafield><datafield ind1=" " ind2="0" tag="651"><subfield code="a">Livingston County (Mich.)</subfield><subfield code="v">Newspapers.</subfield></datafield><datafield ind1=" " ind2="7" tag="655"><subfield code="a">Newspapers.</subfield><subfield code="2">fast</subfield><subfield code="0">(OCoLC)fst01423814</subfield></datafield><datafield ind1=" " ind2="7" tag="651"><subfield code="a">Michigan</subfield><subfield code="z">Brighton.</subfield><subfield code="2">fast</subfield><subfield code="0">(OCoLC)fst01281680</subfield></datafield><datafield ind1=" " ind2="7" tag="651"><subfield code="a">Michigan</subfield><subfield code="z">Livingston County.</subfield><subfield code="2">fast</subfield><subfield code="0">(OCoLC)fst01214801</subfield></datafield><datafield ind1=" " ind2=" " tag="752"><subfield code="a">United States</subfield><subfield code="b">Michigan</subfield><subfield code="c">Livingston</subfield><subfield code="d">Brighton.</subfield></datafield><datafield ind1="0" ind2="0" tag="780"><subfield code="a">Brighton argus Pinckney dispatch</subfield><subfield code="w">(DLC)sn 97070502</subfield><subfield code="w">(OCoLC)38051341</subfield></datafield><datafield ind1="1" ind2="0" tag="785"><subfield code="t">Brighton argus (Brighton, Mich.)</subfield></datafield></record>